@article{airlight,
  author={Sulami, Matan and Glatzer, Itamar and Fattal, Raanan and Werman, Mike},
  booktitle={2014 IEEE International Conference on Computational Photography (ICCP)}, 
  title={Automatic recovery of the atmospheric light in hazy images}, 
  year={2014},
  volume={},
  number={},
  pages={1-11},
  keywords={Vectors;Atmospheric modeling;Image color analysis;Brightness;Principal component analysis;Robustness;Estimation},
  doi={10.1109/ICCPHOT.2014.6831817}
}
